<?xml version="1.0" encoding="UTF-8"?><collection xmlns="http://www.loc.gov/MARC21/slim"><record><leader>00406nam--2200133-i-4500</leader><controlfield tag="001">000006482</controlfield><controlfield tag="002">20161230</controlfield><controlfield tag="005">20170221233806</controlfield><controlfield tag="008">060222s1000------------r-----000-0-eng-d</controlfield><datafield ind1=" " ind2=" " tag="100"><subfield code="a">Bravo, Orlando R</subfield></datafield><datafield ind1=" " ind2=" " tag="245"><subfield code="a">El mecanismo de las evaporaciones nucleares producidas por mesones pi de alta energia. (thesis)</subfield></datafield><datafield ind1=" " ind2=" " tag="260"><subfield code="a">Tucuman</subfield><subfield code="b">Instituto De Fisica</subfield><subfield code="c">[1963]</subfield></datafield><datafield ind1=" " ind2=" " tag="300"><subfield code="a">33 p</subfield></datafield><datafield ind1=" " ind2=" " tag="CAT"><subfield code="a">SYS</subfield><subfield code="c">20170221</subfield><subfield code="h">233806</subfield></datafield></record></collection>